<collection xmlns="http://www.loc.gov/MARC21/slim">
<record>
  <leader>01423nam0a22003131i 450 </leader>
  <controlfield tag="001">IT\ICCU\CNCE\050379</controlfield>
  <controlfield tag="005">20080312000000.0</controlfield>
  <datafield tag="100" ind1=" " ind2=" ">
    <subfield code="a">20000117d1553        0itac0103    ba</subfield>
  </datafield>
  <datafield tag="101" ind1=" " ind2=" ">
    <subfield code="a">ITA</subfield>
  </datafield>
  <datafield tag="102" ind1=" " ind2=" ">
    <subfield code="a">IT</subfield>
  </datafield>
  <datafield tag="200" ind1="1" ind2=" ">
    <subfield code="a">De rerum naturalium principiis. Simonis Portii Neapolitani libri duo quibus plurimae, eaeque haud contemnendae quaestiones naturales explicantur</subfield>
  </datafield>
  <datafield tag="210" ind1=" " ind2=" ">
    <subfield code="e">In Napoli</subfield>
    <subfield code="h">a XXVI di Febraro del 1553</subfield>
  </datafield>
  <datafield tag="215" ind1=" " ind2=" ">
    <subfield code="a">\100! c.</subfield>
    <subfield code="d">8ʻ</subfield>
  </datafield>
  <datafield tag="300" ind1=" " ind2=" ">
    <subfield code="a">Annullata. E&apos; il CNCE 23681</subfield>
  </datafield>
  <datafield tag="620" ind1=" " ind2=" ">
    <subfield code="a">IT</subfield>
    <subfield code="d">Napoli</subfield>
  </datafield>
  <datafield tag="700" ind1=" " ind2="1">
    <subfield code="a">Pagano,</subfield>
    <subfield code="b">Marco Antonio</subfield>
    <subfield code="3">IT\ICCU\CNCA\015814</subfield>
  </datafield>
  <datafield tag="702" ind1=" " ind2="1">
    <subfield code="a">Porzio,</subfield>
    <subfield code="b">Simone</subfield>
    <subfield code="3">IT\ICCU\CNCA\004354</subfield>
  </datafield>
  <datafield tag="712" ind1="0" ind2="0">
    <subfield code="a">Cancer, Mattia</subfield>
    <subfield code="3">IT\ICCU\CNCT\000279</subfield>
    <subfield code="4">650</subfield>
  </datafield>
  <datafield tag="790" ind1=" " ind2="1">
    <subfield code="a">Paganus,</subfield>
    <subfield code="b">Marcus Antonius</subfield>
    <subfield code="3">IT\ICCU\CNCA\021716</subfield>
    <subfield code="z">Pagano, Marco Antonio</subfield>
  </datafield>
  <datafield tag="790" ind1=" " ind2="1">
    <subfield code="a">Pagani,</subfield>
    <subfield code="b">Marcantonio</subfield>
    <subfield code="3">IT\ICCU\CNCA\021717</subfield>
    <subfield code="z">Pagano, Marco Antonio</subfield>
  </datafield>
  <datafield tag="790" ind1=" " ind2="1">
    <subfield code="a">Portius,</subfield>
    <subfield code="b">Simon</subfield>
    <subfield code="3">IT\ICCU\CNCA\018664</subfield>
    <subfield code="z">Porzio, Simone</subfield>
  </datafield>
  <datafield tag="790" ind1=" " ind2="1">
    <subfield code="a">Porta,</subfield>
    <subfield code="b">Simone</subfield>
    <subfield code="3">IT\ICCU\CNCA\018665</subfield>
    <subfield code="z">Porzio, Simone</subfield>
  </datafield>
  <datafield tag="790" ind1=" " ind2="1">
    <subfield code="a">Portio,</subfield>
    <subfield code="b">Simone</subfield>
    <subfield code="3">IT\ICCU\CNCA\022679</subfield>
    <subfield code="z">Porzio, Simone</subfield>
  </datafield>
  <datafield tag="791" ind1="0" ind2="2">
    <subfield code="a">Mathias Brixiensis</subfield>
    <subfield code="3">IT\ICCU\CNCT\003074</subfield>
    <subfield code="z">Cancer, Mattia</subfield>
  </datafield>
  <datafield tag="791" ind1="0" ind2="0">
    <subfield code="a">Canzer, Matteo</subfield>
    <subfield code="3">IT\ICCU\CNCT\003075</subfield>
    <subfield code="z">Cancer, Mattia</subfield>
  </datafield>
  <datafield tag="791" ind1="0" ind2="2">
    <subfield code="a">Matthaeus Bionensis</subfield>
    <subfield code="3">IT\ICCU\CNCT\003076</subfield>
    <subfield code="z">Cancer, Mattia</subfield>
  </datafield>
  <datafield tag="791" ind1="0" ind2="0">
    <subfield code="a">Canze, Mathia</subfield>
    <subfield code="3">IT\ICCU\CNCT\004429</subfield>
    <subfield code="z">Cancer, Mattia</subfield>
  </datafield>
  <datafield tag="791" ind1="0" ind2="2">
    <subfield code="a">Officina Canzeana</subfield>
    <subfield code="3">IT\ICCU\CNCT\004430</subfield>
    <subfield code="z">Cancer, Mattia</subfield>
  </datafield>
  <datafield tag="801" ind1=" " ind2="3">
    <subfield code="a">IT</subfield>
    <subfield code="b">ICCU</subfield>
    <subfield code="c">20201115</subfield>
  </datafield>
</record>
</collection>
